@book{cover2006elements,
 author = {Cover, Thomas M. and Thomas, Joy A.},
 title = {Elements of Information Theory (Wiley Series in Telecommunications and Signal Processing)},
 year = {2006},
 isbn = {0471241954},
 publisher = {Wiley-Interscience},
 address = {New York, NY, USA},
}

@misc{delyon2017simulation,
	author={Delyon, Bernard}, 
	title={Simulation et modélisation},
	howpublished={Polycopié de cours, \url{https://perso.univ-rennes1.fr/bernard.delyon/simu.pdf}}
}

@misc{guyader2018methodes,
	author={Guyader, Arnaud}, 
	title={Méthodes Monte-Carlo},
	howpublished={Polycopié de cours, \url{http://www.lpsm.paris/pageperso/guyader/files/teaching/MonteCarlo/MonteCarlo.pdf}}
}


@article{devroye2006nonuniform,
  title={Nonuniform random variate generation},
  author={Devroye, Luc},
  journal={Handbooks in operations research and management science},
  volume={13},
  pages={83--121},
  year={2006},
  publisher={Elsevier}
}

@book{knuth1997art,
  title={Art of computer programming, volume 2: Seminumerical algorithms},
  author={Knuth, Donald E},
  year={1997},
  publisher={Addison-Wesley Professional}
}

@book{robert2013monte,
  title={Monte Carlo statistical methods},
  author={Robert, Christian and Casella, George},
  year={2013},
  publisher={Springer Science \& Business Media}
}

@misc{rubenthaler2018methodes,
	author={Rubenthaler, Sylvain}, 
	title={Méthodes de Monte-Carlo},
	howpublished={Polycopié de cours, \url{https://math.unice.fr/~rubentha/enseignement/poly-cours-monte-carlo-m1-im.pdf}}
}


