@article {gloaguen2015autoregressive,
author = {Gloaguen, P. and Mahévas, S. and Rivot, E. and Woillez, M. and Guitton, J. and Vermard, Y. and Etienne, M. P.},
title = {An autoregressive model to describe fishing vessel movement and activity},
journal = {Environmetrics},
volume = {26},
number = {1},
issn = {1099-095X},
url = {http://dx.doi.org/10.1002/env.2319},
doi = {10.1002/env.2319},
pages = {17--28},
keywords = {hidden Markov model, vessels dynamics, RECOPESCA, autoregressive process, Baum–Welch algorithm},
year = {2015},
}
