@article{gloaguen2018online,
  title={Online sequential Monte Carlo smoother for partially observed diffusion processes},
  author={Gloaguen, Pierre and {\'E}tienne, Marie-Pierre and Le Corff, Sylvain},
  journal={EURASIP Journal on Advances in Signal Processing},
  volume={2018},
  number={1},
  pages={1--14},
  year={2018},
  publisher={SpringerOpen}
}