@inproceedings{gloaguen2020backward,
  title={Backward continuous importance sampling smoother for partially observed diffusion processes},
  author={Gloaguen, Pierre and Etienne, Marie-Pierre and Le Corff, Sylvain and Olsson, Jimmy},
  booktitle={International Conference in Machine Learning},
  pages={--},
  year={2020},
  organization={ICML}
}
