@article{michelot2019langevin,
  title={The Langevin diffusion as a continuous-time model of animal movement and habitat selection},
  author={Michelot, Th{\'e}o and Gloaguen, Pierre and Blackwell, Paul G and {\'E}tienne, Marie-Pierre},
  journal={Methods in Ecology and Evolution},
  volume={10},
  number={11},
  pages={1894--1907},
  year={2019},
  publisher={Wiley Online Library}
}
