@article{gloaguen2018stochastic,
  title={Stochastic differential equation based on a multimodal potential to model movement data in ecology},
  author={Gloaguen, Pierre and Etienne, Marie-Pierre and Le Corff, Sylvain},
  journal={Journal of the Royal Statistical Society: Series C (Applied Statistics)},
  volume={67},
  number={3},
  pages={599--619},
  year={2018},
  publisher={Wiley Online Library}
}
