@unpublished{gloaguen2020online,
  TITLE = {{Online pseudo Marginal Sequential Monte Carlo smoother for general state spaces. Application to recursive maximum likelihood estimation of stochastic differential equations}},
  AUTHOR = {Gloaguen, Pierre and Le Corff, Sylvain and Olsson, Jimmy},
  URL = {https://hal.archives-ouvertes.fr/hal-02194237},
  NOTE = {working paper or preprint},
  YEAR = {2019},
  MONTH = Jul,
  KEYWORDS = {Smoothing algorithm ; Unbiased estimators ; Sequential Monte Carlo methods ; Particle methods ; Stochastic differential equations},
  PDF = {https://hal.archives-ouvertes.fr/hal-02194237/file/tangentsde_arxiv.pdf},
  HAL_ID = {hal-02194237},
  HAL_VERSION = {v1},
}