@article{gloaguen2016speed,
  title={Is speed through water a better proxy for fishing activities than speed over ground?},
  author={Gloaguen, Pierre and Woillez, Mathieu and Mah{\'e}vas, St{\'e}phanie and Vermard, Youen and Rivot, Etienne},
  journal={Aquatic Living Resources},
  volume={29},
  number={2},
  pages={210},
  year={2016},
  publisher={EDP Sciences}
}
